<?xml version="1.0" encoding="UTF-8"?><record xmlns="http://www.loc.gov/MARC21/slim" xmlns:cinclude="http://apache.org/cocoon/include/1.0" xmlns:zs="http://www.loc.gov/zing/srw/">
  <leader>00550cz  a2200169n  4500</leader>
  <controlfield tag="001">n  97119062 </controlfield>
  <controlfield tag="003">DLC</controlfield>
  <controlfield tag="005">20001121070539.0</controlfield>
  <controlfield tag="008">971201n| acannaabn          |a aaa      </controlfield>
  <datafield tag="010" ind1=" " ind2=" ">
    <subfield code="a">n  97119062 </subfield>
  </datafield>
  <datafield tag="035" ind1=" " ind2=" ">
    <subfield code="a">(OCoLC)oca04543414</subfield>
  </datafield>
  <datafield tag="040" ind1=" " ind2=" ">
    <subfield code="a">DLC</subfield>
    <subfield code="b">eng</subfield>
    <subfield code="c">DLC</subfield>
    <subfield code="d">OCoLC</subfield>
  </datafield>
  <datafield tag="100" ind1="1" ind2=" ">
    <subfield code="a">Gómez de Mantilla, Luz Teresa</subfield>
  </datafield>
  <datafield tag="400" ind1="1" ind2=" ">
    <subfield code="a">De Mantilla, Luz Teresa Gómez</subfield>
  </datafield>
  <datafield tag="400" ind1="1" ind2=" ">
    <subfield code="a">Mantilla, Luz Teresa Gómez de</subfield>
  </datafield>
  <datafield tag="400" ind1="1" ind2=" ">
    <subfield code="a">Gómez, Luz Teresa</subfield>
  </datafield>
  <datafield tag="670" ind1=" " ind2=" ">
    <subfield code="a">Estado, derecho, sociedad, 1993:</subfield>
    <subfield code="b">t.p. verso (Luz Teresa Gómez de Mantilla) p. 7 (Luz Teresa Gómez)</subfield>
  </datafield>
</record>